@article {veeser-zanotti-iii,
    AUTHOR = {Veeser, Andreas and Zanotti, Pietro},
     TITLE = {Quasi-optimal nonconforming methods for symmetric elliptic
              problems. {III}---{D}iscontinuous {G}alerkin and other
              interior penalty methods},
   JOURNAL = {SIAM J. Numer. Anal.},
  FJOURNAL = {SIAM Journal on Numerical Analysis},
    VOLUME = {56},
      YEAR = {2018},
    NUMBER = {5},
     PAGES = {2871--2894},
      ISSN = {0036-1429},
   MRCLASS = {65N30 (65N12 65N15)},
  MRNUMBER = {3857891},
MRREVIEWER = {Francesco Zirilli},
       DOI = {10.1137/17M1151675},
       URL = {https://doi.org/10.1137/17M1151675},
}
