@article {veeser-zanotti-ii,
    AUTHOR = {Veeser, Andreas and Zanotti, Pietro},
     TITLE = {Quasi-optimal nonconforming methods for symmetric elliptic
              problems. {II}---{O}verconsistency and classical nonconforming
              elements},
   JOURNAL = {SIAM J. Numer. Anal.},
  FJOURNAL = {SIAM Journal on Numerical Analysis},
    VOLUME = {57},
      YEAR = {2019},
    NUMBER = {1},
     PAGES = {266--292},
      ISSN = {0036-1429,1095-7170},
   MRCLASS = {65N30 (65N12 65N15)},
  MRNUMBER = {3907927},
MRREVIEWER = {Sergio\ Caucao},
       DOI = {10.1137/17M1151651},
      @URL = {https://doi.org/10.1137/17M1151651},
}

@article {veeser-zanotti-iii,
    AUTHOR = {Veeser, Andreas and Zanotti, Pietro},
     TITLE = {Quasi-optimal nonconforming methods for symmetric elliptic
              problems. {III}---{D}iscontinuous {G}alerkin and other
              interior penalty methods},
   JOURNAL = {SIAM J. Numer. Anal.},
  FJOURNAL = {SIAM Journal on Numerical Analysis},
    VOLUME = {56},
      YEAR = {2018},
    NUMBER = {5},
     PAGES = {2871--2894},
      ISSN = {0036-1429},
   MRCLASS = {65N30 (65N12 65N15)},
  MRNUMBER = {3857891},
MRREVIEWER = {Francesco Zirilli},
       DOI = {10.1137/17M1151675},
      @URL = {https://doi.org/10.1137/17M1151675},
}
